@online{isodate,
author = {Wikipedia},
title = {ISO8601},
year = {1998},
url = {https://fr.wikipedia.org/wiki/ISO_8601}
}
@online{momentjs,
author = {JS Foundation},
title = {MomentJs},
year = {2017},
url = {http://momentjs.com/},
version = {2.17.1}
}
