%% LaTeX2e file `bib.bib'
%% generated by the `filecontents' environment
%% from source `hardware' on 2017/05/14.
%%
  @misc{thisdavej,
  author={Dave Johnson},
  journal={Le beau journal},
  title={Beginnerâ€™s Guide to Installing Node.js on a Raspberry Pi},
  year={2016},
  month={oct}
  }

