  @misc{wikipedia,
  author={Wikipedia},
  title={List of TCP and UDP port numbers},
  year={2017},
  url={https://en.wikipedia.org/wiki/List_of_TCP_and_UDP_port_numbers},
  }
