  @misc{thisdavej,
  author={Dave Johnson},
  title={Beginnerâ€™s Guide to Installing Node.js on a Raspberry Pi},
  year={2016},
  url={http://thisdavej.com/beginners-guide-to-installing-node-js-on-a-raspberry-pi/},
  }
