  @misc{electron,
  author={Github},
  title={Le framework Electron},
  year={2017},
  url={https://electron.atom.io},
  }
  @misc{NW,
  author={Camilo Aguilar},
  title={Le framework Node Webkit},
  year={2017},
  url={https://nwjs.io},
  }